<record><leader>00000cas a2200000 a 4500</leader><controlfield tag="001">11449089</controlfield><controlfield tag="008">841203d19221973txudr ne      0   a0eng d</controlfield><datafield ind1=" " ind2=" " tag="010"><subfield code="a">sn 86010491 </subfield></datafield><datafield ind1=" " ind2=" " tag="040"><subfield code="a">TXR</subfield><subfield code="b">eng</subfield><subfield code="c">TXR</subfield><subfield code="d">NSD</subfield><subfield code="d">PPM</subfield><subfield code="d">OCL</subfield><subfield code="d">OCLCQ</subfield></datafield><datafield ind1=" " ind2=" " tag="012"><subfield code="m">1</subfield></datafield><datafield ind1="1" ind2=" " tag="022"><subfield code="a">0889-6755</subfield><subfield code="l">0889-6755</subfield><subfield code="2">1</subfield></datafield><datafield ind1="1" ind2=" " tag="029"><subfield code="a">AU@</subfield><subfield code="b">000045279395</subfield></datafield><datafield ind1=" " ind2=" " tag="032"><subfield code="a">438600</subfield><subfield code="b">USPS</subfield></datafield><datafield ind1=" " ind2=" " tag="037"><subfield code="b">Port Arthur News, P.O. Box 789, Port Arthur, TX 77641-0789</subfield></datafield><datafield ind1=" " ind2=" " tag="042"><subfield code="a">nsdp</subfield></datafield><datafield ind1="0" ind2=" " tag="130"><subfield code="a">Port Arthur news (Port Arthur, Tex. : 1922)</subfield></datafield><datafield ind1=" " ind2="0" tag="222"><subfield code="a">Port Arthur news</subfield><subfield code="b">(1922)</subfield></datafield><datafield ind1="0" ind2="4" tag="245"><subfield code="a">The Port Arthur news.</subfield></datafield><datafield ind1=" " ind2=" " tag="260"><subfield code="a">Port Arthur, Tex. :</subfield><subfield code="b">The News Pub.Co.,</subfield><subfield code="c">1922-</subfield></datafield><datafield ind1=" " ind2=" " tag="300"><subfield code="a">v. :</subfield><subfield code="b">ill. ;</subfield><subfield code="c">58 cm.</subfield></datafield><datafield ind1=" " ind2=" " tag="310"><subfield code="a">Daily</subfield></datafield><datafield ind1="0" ind2=" " tag="362"><subfield code="a">Vol. 21, no. 322 (Nov. 18, 1922)-vol. 76, no. 54 (Feb. 22, 1973).</subfield></datafield><datafield ind1=" " ind2=" " tag="580"><subfield code="a">The Pilot, by Journalism class of Port Arthur High School pub. in Sunday issues beginning Nov. 29, 1925.</subfield></datafield><datafield ind1=" " ind2=" " tag="752"><subfield code="a">United States</subfield><subfield code="b">Texas</subfield><subfield code="c">Jefferson</subfield><subfield code="d">Port Arthur.</subfield></datafield><datafield ind1="1" ind2=" " tag="775"><subfield code="t">Pilot</subfield><subfield code="g">Nov. 29, 1925-</subfield></datafield><datafield ind1="0" ind2="0" tag="780"><subfield code="t">Port Arthur daily news</subfield><subfield code="w">(DLC)sn 86064233</subfield></datafield><datafield ind1="0" ind2="0" tag="785"><subfield code="t">News (Port Arthur, Tex.)</subfield><subfield code="w">(DLC)sn 87090732</subfield></datafield></record>